<record><leader>00000cas a22000007a 4500</leader><controlfield tag="001">35269068</controlfield><controlfield tag="008">960819u1971uuuusdumr ne      0    0eng d</controlfield><datafield ind1=" " ind2=" " tag="010"><subfield code="a">sn 96090226 </subfield></datafield><datafield ind1=" " ind2=" " tag="040"><subfield code="a">SXN</subfield><subfield code="b">eng</subfield><subfield code="c">SXN</subfield><subfield code="d">OCLCQ</subfield><subfield code="d">OCLCF</subfield><subfield code="d">OCLCO</subfield></datafield><datafield ind1="1" ind2=" " tag="029"><subfield code="a">AU@</subfield><subfield code="b">000012845326</subfield></datafield><datafield ind1=" " ind2=" " tag="042"><subfield code="a">msc</subfield></datafield><datafield ind1=" " ind2=" " tag="043"><subfield code="a">n-us-sd</subfield></datafield><datafield ind1="0" ind2="0" tag="245"><subfield code="a">Sicangu speaks.</subfield></datafield><datafield ind1=" " ind2=" " tag="260"><subfield code="a">Rosebud Res. [S.D.] :</subfield><subfield code="b">Sicangu Oyate Ho Inc. (Voice of the Burnt Thigh People)</subfield></datafield><datafield ind1=" " ind2=" " tag="300"><subfield code="a">v.</subfield></datafield><datafield ind1=" " ind2=" " tag="310"><subfield code="a">Monthly</subfield></datafield><datafield ind1="0" ind2=" " tag="362"><subfield code="a">Vol. 1, no. 1 (Mar. 15, 1971)-</subfield></datafield><datafield ind1=" " ind2=" " tag="530"><subfield code="a">Available on microfilm from the State Archives, South Dakota State Historical Society.</subfield></datafield><datafield ind1=" " ind2=" " tag="580"><subfield code="a">Issued with: Rosebud Sioux herald.</subfield></datafield><datafield ind1=" " ind2="0" tag="650"><subfield code="a">Dakota Indians</subfield><subfield code="z">South Dakota</subfield><subfield code="v">Newspapers.</subfield></datafield><datafield ind1=" " ind2="0" tag="651"><subfield code="a">Saint Francis (S.D.)</subfield><subfield code="v">Newspapers.</subfield></datafield><datafield ind1=" " ind2="0" tag="651"><subfield code="a">Todd County (S.D.)</subfield><subfield code="v">Newspapers.</subfield></datafield><datafield ind1=" " ind2="0" tag="651"><subfield code="a">Rosebud Indian Reservation (S.D.)</subfield><subfield code="v">Newspapers.</subfield></datafield><datafield ind1=" " ind2="7" tag="655"><subfield code="a">Newspapers.</subfield><subfield code="2">fast</subfield><subfield code="0">(OCoLC)fst01423814</subfield></datafield><datafield ind1=" " ind2="7" tag="650"><subfield code="a">Dakota Indians.</subfield><subfield code="2">fast</subfield><subfield code="0">(OCoLC)fst00887107</subfield></datafield><datafield ind1=" " ind2="7" tag="651"><subfield code="a">South Dakota.</subfield><subfield code="2">fast</subfield><subfield code="0">(OCoLC)fst01204322</subfield></datafield><datafield ind1=" " ind2="7" tag="651"><subfield code="a">South Dakota</subfield><subfield code="z">Rosebud Indian Reservation.</subfield><subfield code="2">fast</subfield><subfield code="0">(OCoLC)fst01241612</subfield></datafield><datafield ind1=" " ind2="7" tag="651"><subfield code="a">South Dakota</subfield><subfield code="z">Saint Francis.</subfield><subfield code="2">fast</subfield><subfield code="0">(OCoLC)fst01288141</subfield></datafield><datafield ind1=" " ind2="7" tag="651"><subfield code="a">South Dakota</subfield><subfield code="z">Todd County.</subfield><subfield code="2">fast</subfield><subfield code="0">(OCoLC)fst01213870</subfield></datafield><datafield ind1=" " ind2=" " tag="752"><subfield code="a">United States</subfield><subfield code="b">South Dakota</subfield><subfield code="c">Todd</subfield><subfield code="d">Saint Francis.</subfield></datafield><datafield ind1="1" ind2=" " tag="777"><subfield code="t">Rosebud Sioux herald</subfield><subfield code="w">(DLC)sn 86091380</subfield></datafield></record>